<?xml version="1.0" encoding="UTF-8"?><collection xmlns="http://www.loc.gov/MARC21/slim"><record><leader>00349nam--2200133-i-4500</leader><controlfield tag="001">000024981</controlfield><controlfield tag="002">20161230</controlfield><controlfield tag="005">20161230201035</controlfield><controlfield tag="008">060222s1000------------r-----000-0-eng-d</controlfield><datafield ind1=" " ind2=" " tag="100"><subfield code="a">Burzlaff, J</subfield></datafield><datafield ind1=" " ind2=" " tag="245"><subfield code="a">On the su(3) monopole with magnetic quantum nu mbers (0,2)</subfield></datafield><datafield ind1=" " ind2=" " tag="260"><subfield code="a">Kaiiserslautern, Universitat, /1980</subfield></datafield><datafield ind1=" " ind2=" " tag="490"><subfield code="a">15 P</subfield></datafield><datafield ind1=" " ind2=" " tag="852"><subfield code="a">530.145</subfield></datafield></record></collection>